@article{dong2020interactive,
  title={An interactive web-based dashboard to track COVID-19 in real time},
  author={Dong, Ensheng and Du, Hongru and Gardner, Lauren},
  journal={The Lancet infectious diseases},
  volume={20},
  number={5},
  pages={533--534},
  year={2020},
  publisher={Elsevier}
}

@article{birrell2021real,
	title={Real-time nowcasting and forecasting of COVID-19 dynamics in England: the first wave},
	author={Birrell, Paul and Blake, Joshua and Van Leeuwen, Edwin and Gent, Nick and De Angelis, Daniela},
	journal={Philosophical Transactions of the Royal Society B},
	volume={376},
	number={1829},
	pages={20200279},
	year={2021},
	publisher={The Royal Society}
}

@article{keeling2020fitting,
	title={Fitting to the UK COVID-19 outbreak, short-term forecasts and estimating the reproductive number.},
	author={Keeling, Matt J and Dyson, Louise and Guyver-Fletcher, Glen and Holmes, Alex and Semple, Malcolm G and Tildesley, Michael J and Hill, Edward M and ISARIC4C Investigators and others},
	journal={medRxiv},
	year={2020},
	publisher={Cold Spring Harbor Laboratory Preprints}
}

@article{prem2020effect,
	title={The effect of control strategies to reduce social mixing on outcomes of the COVID-19 epidemic in Wuhan, China: a modelling study},
	author={Prem, Kiesha and Liu, Yang and Russell, Timothy W and Kucharski, Adam J and Eggo, Rosalind M and Davies, Nicholas and Flasche, Stefan and Clifford, Samuel and Pearson, Carl AB and Munday, James D and others},
	journal={The Lancet Public Health},
	volume={5},
	number={5},
	pages={e261--e270},
	year={2020},
	publisher={Elsevier}
}

@article{jombart2020inferring,
	title={Inferring the number of COVID-19 cases from recently reported deaths},
	author={Jombart, Thibaut and Van Zandvoort, Kevin and Russell, Timothy W and Jarvis, Christopher I and Gimma, Amy and Abbott, Sam and Clifford, Sam and Funk, Sebastian and Gibbs, Hamish and Liu, Yang and others},
	journal={Wellcome Open Research},
	volume={5},
	year={2020},
	publisher={The Wellcome Trust}
}

@article{danon2020spatial,
	title={A spatial model of CoVID-19 transmission in England and Wales: early spread and peak timing},
	author={Danon, Leon and Brooks-Pollock, Ellen and Bailey, Mick and Keeling, Matt J},
	journal={MedRxiv},
	year={2020},
	publisher={Cold Spring Harbor Laboratory Press}
}

@article{davies2020effects,
	title={Effects of non-pharmaceutical interventions on COVID-19 cases, deaths, and demand for hospital services in the UK: a modelling study},
	author={Davies, Nicholas G and Kucharski, Adam J and Eggo, Rosalind M and Gimma, Amy and Edmunds, W John and Jombart, Thibaut and O'Reilly, Kathleen and Endo, Akira and Hellewell, Joel and Nightingale, Emily S and others},
	journal={The Lancet Public Health},
	volume={5},
	number={7},
	pages={e375--e385},
	year={2020},
	publisher={Elsevier}
}

@article{ferguson2020report,
	title={Report 9: Impact of non-pharmaceutical interventions (NPIs) to reduce COVID19 mortality and healthcare demand},
	author={Ferguson, Neil and Laydon, Daniel and Nedjati Gilani, Gemma and Imai, Natsuko and Ainslie, Kylie and Baguelin, Marc and Bhatia, Sangeeta and Boonyasiri, Adhiratha and Cucunuba Perez, ZULMA and Cuomo-Dannenburg, Gina and others},
	year={2020}
}

@book{anderson1992infectious,
	title={Infectious diseases of humans: dynamics and control},
	author={Anderson, Roy M and May, Robert M},
	year={1992},
	publisher={Oxford university press}
}

@incollection{brauer2008compartmental,
	title={Compartmental models in epidemiology},
	author={Brauer, Fred},
	booktitle={Mathematical epidemiology},
	pages={19--79},
	year={2008},
	publisher={Springer}
}

@article{horner2020software,
	title={Software engineering standards for epidemiological models},
	author={Horner, Jack K and Symons, John F},
	journal={History and philosophy of the life sciences},
	volume={42},
	number={4},
	pages={1--24},
	year={2020},
	publisher={Springer}
}

@article{lourenco2020fundamental,
	title={Fundamental principles of epidemic spread highlight the immediate need for large-scale serological surveys to assess the stage of the SARS-CoV-2 epidemic},
	author={Lourenco, Jose and Paton, Robert and Ghafari, Mahan and Kraemer, Moritz and Thompson, Craig and Simmonds, Peter and Klenerman, Paul and Gupta, Sunetra},
	journal={MedRxiv},
	year={2020},
	publisher={Cold Spring Harbor Laboratory Press}
}

@article{aguas2020modelling,
	title={Modelling the COVID-19 pandemic in context: an international participatory approach},
	author={Aguas, Ricardo and White, Lisa and Hupert, Nathaniel and Shretta, Rima and Pan-Ngum, Wirichada and Celhay, Olivier and Moldokmatova, Ainura and Arifi, Fatima and Mirzazadeh, Ali and Sharifi, Hamid and others},
	journal={BMJ global health},
	volume={5},
	number={12},
	pages={e003126},
	year={2020},
	publisher={BMJ Specialist Journals}
}